<?xml version="1.0" encoding="UTF-8"?><collection xmlns="http://www.loc.gov/MARC21/slim"><record><leader>00493nam--2200133-i-4500</leader><controlfield tag="001">000004622</controlfield><controlfield tag="002">20161230</controlfield><controlfield tag="005">20170208144848</controlfield><controlfield tag="008">060222s1000------------r-----000-0-eng-d</controlfield><datafield ind1=" " ind2=" " tag="100"><subfield code="a">Sabbata, V.De</subfield></datafield><datafield ind1=" " ind2=" " tag="245"><subfield code="a">Le reazioni fotonucleari e la risonanza gigante. II: Le distribuzioni energetiche e angolari dei fotoneutroni e dei fotoprotoni e la struttura fine della risonanza gigante</subfield></datafield><datafield ind1=" " ind2=" " tag="260"><subfield code="a">Bologan</subfield><subfield code="b">Instituto Di Fisica Dell Universita</subfield><subfield code="c">1959</subfield></datafield><datafield ind1=" " ind2=" " tag="300"><subfield code="a">90 p</subfield></datafield><datafield ind1=" " ind2=" " tag="CAT"><subfield code="a">SYS</subfield><subfield code="c">20170208</subfield><subfield code="h">144848</subfield></datafield></record></collection>